%% LaTeX2e file `report.bib'
%% generated by the `filecontents' environment
%% from source `Report' on 2014/04/08.
%%
@article{main,
author = ''Zhang Zhang and Dacheng Tao'',
title = ''Slow Feature Analysis for Human Action Recognition'',
publisher = ''IEEE Transactions op patters analysis and machine intelligence'',
location = ''Vol. 34'',
date =  ''March 2012''}

@article{taxonomy,
author = ''Aggrawal, J. K. and Ryoo, M. S.'',
title = ''Human Activity Analysis: A Review'',
publisher = ''The University of Texas, Electronics and Telecommunications Research Institute'',
location = ''Austin, Texas'',
date =  ''2007''
}

@article{s-t-shapes,
author = ''Moshe Blank and Lena Gorelick and Eli Shechtman and Michal Irani and Ronen Basri'',
title = ''Actions as Space-Time Shapes'',
publisher = ''Dept. of Computer Science and Applied Math, Weizmann Institute of Science'',
location = ''Israel'',
date =  ''2002''
}

@article{actions-as-objects,
author = ''Alper Yilmaz and Mubarak Shah'',
title = ''Actions as Objects - A Novel Action Representation'',
publisher = ''University of Central Florida'',
location = ''Orlando'',
date =  ''2003''
}

@article{silhouettes,
author = ''Bobick, A. and Davis, J. '',
title = ''The recognition of human movements using temporal templates'',
publisher = ''IEEE Transactions on Pattern Analysis and Machine Intelligence 19 '',
location = '' '',
date =  '' 2001''
}

@article{affine-trajectory,
author = ''Sheikh, Y. and Sheikh, M. and Shah, M. '',
title = ''Exploring the space of a human action '',
publisher = ''IEEE International Conference on Computer Vision '',
location = '' '',
date =  ''2005 ''
}

@article{DTW ,
author = ''Veeraraghavan, A., Chellappa, R., and Roy-Chowdhury, A. '',
title = ''The function space of an activity '',
publisher = '' IEEE Conference on Computer Vision and Pattern Recognition'',
location = '' '',
date =  ''2006''
}

@article{ extended-HMM,
author = ''Natarajan, P. and Nevatia, R. '',
title = ''Coupled Hidden Semi Markov Models for activity recognition. '',
publisher = '' IEEE Conference on Computer Vision and Pattern Recognition'',
location = '' '',
date =  ''2007 ''
}

@article{layered-HMM ,
author = ''Oliver, N., Horvitz, E., and Garg, A. '',
title = ''Layered representations of human activity recognition. '',
publisher = '' IEEE International Conference on Multimodal Interfaces '',
location = '' '',
date =  ''2002 ''
}

@article{ ivanov-bobick,
author = ''Ivanov, Y. A. and Bobick, A. F.  '',
title = '' Recognition of visual activities and interactions by stochastic parsing. '',
publisher = '' IEEE Transactions on Pattern Analysis and Machine Intelligence '',
location = '' '',
date =  ''2000 ''
}

@article{ IA-network,
author = ''Pinhanez, C. S. and Bobick, A. F.  '',
title = '' Human action detection using PNF propagation of temporal constraints. '',
publisher = '' IEEE Conference on Computer Vision and Pattern Recognition'',
location = '' '',
date =  ''1998 ''
}

@article{SVM ,
author = ''Auria Laura and Rouslan Moro A. '',
title = ''Support vector machines as a technique for solvency analysis '',
publisher = ''German Institute for Economic Research  '',
location = ''Berlin '',
date =  '' 2008''
}

@article{Kalman-1 ,
author = ''Irina Cazan'',
title = ''Kalman Filters '',
publisher = '' Colby College'',
location = '' '',
date =  '' 2011''
}

@article{SFA-extended ,
author = '' Laurenz Wiskott and Terrence J. Sejnowski'',
title = ''Slow Feature Analysis: Unsupervised Learning of Invariances '',
publisher = ''Neural Computation '',
location = ''Massachusetts Institute of Technology '',
date =  ''2002 ''
}


@article{gamma,
author = ''R. McCue  '',
title = ''A Comparison of the Accuracy of Support Vector Machine and Naive Bayes Algorithms In Spam Classification'',
publisher = ''http://classes.soe.ucsc.edu/cmps242/Fall09/proj/RitaMcCueReport.pdf '',
location = '' '',
date =  ''2009 ''
}

@article{ ,
author = ''  '',
title = '' '',
publisher = '' '',
location = '' '',
date =  '' ''
}